A-list papers

@incollection{Myreen10,
  year      = {2010},
  isbn      = {978-3-642-15056-2},
  booktitle = {Verified Software: Theories, Tools, Experiments},
  volume    = {6217},
  series    = {Lecture Notes in Computer Science},
  editor    = {Leavens, Gary T. and Oâ€™Hearn, Peter and Rajamani, Sriram K.},
  doi       = {10.1007/978-3-642-15057-9_10},
  title     = {Reusable Verification of a Copying Collector},
  url       = {http://dx.doi.org/10.1007/978-3-642-15057-9_10},
  publisher = {Springer Berlin Heidelberg},
  author    = {Myreen, Magnus O.},
  pages     = {142-156}
}

@inproceedings{Birkedal04,
  author    = {Birkedal, Lars and Torp-Smith, Noah and Reynolds, John C.},
  title     = {Local reasoning about a copying garbage collector},
  booktitle = {Proceedings of the 31st ACM SIGPLAN-SIGACT symposium on Principles of programming languages},
  series    = {POPL '04},
  year      = {2004},
  isbn      = {1-58113-729-X},
  location  = {Venice, Italy},
  pages     = {220--231},
  numpages  = {12},
  url       = {http://doi.acm.org/10.1145/964001.964020},
  doi       = {10.1145/964001.964020},
  acmid     = {964020},
  publisher = {ACM},
  address   = {New York, NY, USA},
  keywords  = {copying garbage collector, local reasoning, separation logic},
}
