A-list papers

@incollection{Myreen10,
  year      = {2010},
  isbn      = {978-3-642-15056-2},
  booktitle = {Verified Software: Theories, Tools, Experiments},
  volume    = {6217},
  series    = {Lecture Notes in Computer Science},
  editor    = {Leavens, Gary T. and Oâ€™Hearn, Peter and Rajamani, Sriram K.},
  doi       = {10.1007/978-3-642-15057-9_10},
  title     = {Reusable Verification of a Copying Collector},
  url       = {http://dx.doi.org/10.1007/978-3-642-15057-9_10},
  publisher = {Springer Berlin Heidelberg},
  author    = {Myreen, Magnus O.},
  pages     = {142-156}
}

@inproceedings{Birkedal04,
  author    = {Birkedal, Lars and Torp-Smith, Noah and Reynolds, John C.},
  title     = {Local reasoning about a copying garbage collector},
  booktitle = {Proceedings of the 31st ACM SIGPLAN-SIGACT symposium on Principles of programming languages},
  series    = {POPL '04},
  year      = {2004},
  isbn      = {1-58113-729-X},
  location  = {Venice, Italy},
  pages     = {220--231},
  numpages  = {12},
  url       = {http://doi.acm.org/10.1145/964001.964020},
  doi       = {10.1145/964001.964020},
  acmid     = {964020},
  publisher = {ACM},
  address   = {New York, NY, USA},
  keywords  = {copying garbage collector, local reasoning, separation logic},
}

B-list papers

@book{GarbageCollection,
  author    = {Jones, Richard and Lins, Rafael D.},
  isbn      = {0471941484},
  keywords  = {amazon},
  publisher = {Wiley},
  title     = {{Garbage Collection: Algorithms for Automatic Dynamic Memory Management}},
  url       = {http://www.amazon.com/exec/obidos/redirect?tag=citeulike07-20\&path=ASIN/0471941484},
  year      = {1996}
}

@article{Collins60,
  author     = {Collins, George E.},
  title      = {A method for overlapping and erasure of lists},
  journal    = {Commun. ACM},
  issue_date = {Dec. 1960},
  volume     = {3},
  number     = {12},
  month      = dec,
  year       = {1960},
  issn       = {0001-0782},
  pages      = {655--657},
  numpages   = {3},
  url        = {http://doi.acm.org/10.1145/367487.367501},
  doi        = {10.1145/367487.367501},
  acmid      = {367501},
  publisher  = {ACM},
  address    = {New York, NY, USA},
}

@article{McCarthy60,
  author     = {McCarthy, John},
  title      = {Recursive functions of symbolic expressions and their computation by machine, Part I},
  journal    = {Commun. ACM},
  issue_date = {April 1960},
  volume     = {3},
  number     = {4},
  month      = apr,
  year       = {1960},
  issn       = {0001-0782},
  pages      = {184--195},
  numpages   = {12},
  url        = {http://doi.acm.org/10.1145/367177.367199},
  doi        = {10.1145/367177.367199},
  acmid      = {367199},
  publisher  = {ACM},
  address    = {New York, NY, USA},
}

@article{Fenichel69,
  author     = {Fenichel, Robert R. and Yochelson, Jerome C.},
  title      = {A LISP garbage-collector for virtual-memory computer systems},
  journal    = {Commun. ACM},
  issue_date = {Nov. 1969},
  volume     = {12},
  number     = {11},
  month      = nov,
  year       = {1969},
  issn       = {0001-0782},
  pages      = {611--612},
  numpages   = {2},
  url        = {http://doi.acm.org/10.1145/363269.363280},
  doi        = {10.1145/363269.363280},
  acmid      = {363280},
  publisher  = {ACM},
  address    = {New York, NY, USA},
  keywords   = {LISP: garbage-collector, list-processing, storage-allocation, virtual memory},
}

@inproceedings{Ungar84,
  author    = {Ungar, David},
  title     = {Generation Scavenging: A non-disruptive high performance storage reclamation algorithm},
  booktitle = {Proceedings of the first ACM SIGSOFT/SIGPLAN software engineering symposium on Practical software development environments},
  series    = {SDE 1},
  year      = {1984},
  isbn      = {0-89791-131-8},
  pages     = {157--167},
  numpages  = {11},
  url       = {http://doi.acm.org/10.1145/800020.808261},
  doi       = {10.1145/800020.808261},
  acmid     = {808261},
  publisher = {ACM},
  address   = {New York, NY, USA},
  keywords  = {Generation, Grabage collection, Personnel computer, Real time, Scavenge, Smalltalk, Virtual memory, Workstation},
}

C-list papers

@article{Deutsch76,
  author     = {Deutsch, L. Peter and Bobrow, Daniel G.},
  title      = {An efficient, incremental, automatic garbage collector},
  journal    = {Commun. ACM},
  issue_date = {Sept. 1976},
  volume     = {19},
  number     = {9},
  month      = sep,
  year       = {1976},
  issn       = {0001-0782},
  pages      = {522--526},
  numpages   = {5},
  url        = {http://doi.acm.org/10.1145/360336.360345},
  doi        = {10.1145/360336.360345},
  acmid      = {360345},
  publisher  = {ACM},
  address    = {New York, NY, USA},
  keywords   = {Lisp, garbage collection, storage management},
}

@article{McBeth63,
  author     = {McBeth, J. Harold},
  title      = {Letters to the editor: on the reference counter method},
  journal    = {Commun. ACM},
  issue_date = {Sept. 1963},
  volume     = {6},
  number     = {9},
  month      = sep,
  year       = {1963},
  issn       = {0001-0782},
  pages      = {575--},
  url        = {http://doi.acm.org/10.1145/367593.367649},
  doi        = {10.1145/367593.367649},
  acmid      = {367649},
  publisher  = {ACM},
  address    = {New York, NY, USA},
} 

@article{Hughes82,
  author  = {Hughes, R. J. M.},
  title   = {A semi-incremental garbage collection algorithm},
  journal = {{Software: Practice and Experience}},
  volume  = {12},
  number  = {11},
  pages   = {1081--1084},
  month   = nov,
  year    = {1982},
}

@article{Blackburn08,
  author     = {Blackburn, Stephen M. and McKinley, Kathryn S.},
  title      = {Immix: a mark-region garbage collector with space efficiency, fast collection, and mutator performance},
  journal    = {SIGPLAN Not.},
  issue_date = {June 2008},
  volume     = {43},
  number     = {6},
  month      = jun,
  year       = {2008},
  issn       = {0362-1340},
  pages      = {22--32},
  numpages   = {11},
  url        = {http://doi.acm.org/10.1145/1379022.1375586},
  doi        = {10.1145/1379022.1375586},
  acmid      = {1375586},
  publisher  = {ACM},
}

@article{Hoare69,
  author     = {Hoare, C. A. R.},
  title      = {An axiomatic basis for computer programming},
  journal    = {Commun. ACM},
  issue_date = {Oct. 1969},
  volume     = {12},
  number     = {10},
  month      = oct,
  year       = {1969},
  issn       = {0001-0782},
  pages      = {576--580},
  numpages   = {5},
  url        = {http://doi.acm.org/10.1145/363235.363259},
  doi        = {10.1145/363235.363259},
  acmid      = {363259},
  publisher  = {ACM},
}

@INPROCEEDINGS{Reynolds02,
  author    = {John Reynolds},
  title     = {Separation Logic: A Logic for Shared Mutable Data Structures},
  booktitle = {},
  year      = {2002},
  pages     = {55--74},
  publisher = {IEEE Computer Society}
}

@incollection{Armstrong95,
  year      = {1995},
  isbn      = {978-3-540-60368-9},
  booktitle = {Memory Management},
  volume    = {986},
  series    = {Lecture Notes in Computer Science},
  editor    = {Baler, HenryG.},
  doi       = {10.1007/3-540-60368-9_31},
  title     = {One pass real-time generational mark-sweep garbage collection},
  url       = {http://dx.doi.org/10.1007/3-540-60368-9_31},
  publisher = {Springer Berlin Heidelberg},
  author    = {Armstrong, Joe and Virding, Robert},
  pages     = {313-322}
}

@book{Gries87,
 author    = {Gries, David},
 title     = {The  Science of Programming},
 year      = {1987},
 isbn      = {0387964800},
 edition   = {1st},
 publisher = {Springer-Verlag New York, Inc.},
 address   = {Secaucus, NJ, USA},
}

@book{KandR,
  title     = {The C Programming Language},
  author    = "Brian W. {Kernighan} and Dennis M. {Ritchie} and Per {Ejeklint}",
  volume    = 2,
  year      = 1988,
  publisher = {Prentice-Hall Englewood Cliffs}
}

@article{Barach82,
  author     = {Barach, David R. and Taenzer, David H. and Wells, Robert E.},
  title      = {A Technique for Finding Storage Allocation Errors in C-language Programs},
  journal    = {SIGPLAN Not.},
  issue_date = {May 1982},
  volume     = {17},
  number     = {5},
  month      = may,
  year       = {1982},
  issn       = {0362-1340},
  pages      = {16--24},
  numpages   = {9},
  url        = {http://doi.acm.org/10.1145/947923.947925},
  doi        = {10.1145/947923.947925},
  acmid      = {947925},
  publisher  = {ACM},
  address    = {New York, NY, USA},
}

@misc{Brown95,
  title     = {System for automatic garbage collection using strong and weak encapsulated pointers},
  author    = {Brown, P.C. and Topka, T.M.},
  url       = {http://www.google.com/patents/US5398334},
  year      = {1995},
  month     = mar # "~14",
  publisher = {Google Patents},
  note      = {US Patent 5,398,334}
}

@article{Dijkstra78,
  author     = {Dijkstra, Edsger W. and Lamport, Leslie and Martin, A. J. and Scholten, C. S. and Steffens, E. F. M.},
  title      = {On-the-fly Garbage Collection: An Exercise in Cooperation},
  journal    = {Commun. ACM},
  issue_date = {Nov. 1978},
  volume     = {21},
  number     = {11},
  month      = nov,
  year       = {1978},
  issn       = {0001-0782},
  pages      = {966--975},
  numpages   = {10},
  url        = {http://doi.acm.org/10.1145/359642.359655},
  doi        = {10.1145/359642.359655},
  acmid      = {359655},
  publisher  = {ACM},
  address    = {New York, NY, USA},
  keywords   = {cooperation bet. sequential processes w/ minimized mutual ex, fine-grained interleaving, garbage collection, multiprocessing, program correctness for multiprogramming tasks},
}

@article{Appel87,
  author     = {Appel, Andrew W.},
  title      = {Garbage Collection Can Be Faster Than Stack Allocation},
  journal    = {Inf. Process. Lett.},
  issue_date = {June 17, 1987},
  volume     = {25},
  number     = {4},
  month      = jun,
  year       = {1987},
  issn       = {0020-0190},
  pages      = {275--279},
  numpages   = {5},
  url        = {http://dx.doi.org/10.1016/0020-0190(87)90175-X},
  doi        = {10.1016/0020-0190(87)90175-X},
  acmid      = {31085},
  publisher  = {Elsevier North-Holland, Inc.},
  address    = {Amsterdam, The Netherlands, The Netherlands},
}

E-mails

@misc{MyreenEmail,
  author        = {Myreen, Magnus O.},
  howpublished  = {Personal E-mail},
  month         = jan,
  year          = {2014}
}

Related Work Papers

@inproceedings{McCreight07,
  author    = {McCreight, Andrew and Shao, Zhong and Lin, Chunxiao and Li, Long},
  title     = {A General Framework for Certifying Garbage Collectors and Their Mutators},
  booktitle = {Proceedings of the 2007 ACM SIGPLAN Conference on Programming Language Design and Implementation},
  series    = {PLDI '07},
  year      = {2007},
  isbn      = {978-1-59593-633-2},
  location  = {San Diego, California, USA},
  pages     = {468--479},
  numpages  = {12},
  url       = {http://doi.acm.org/10.1145/1250734.1250788},
  doi       = {10.1145/1250734.1250788},
  acmid     = {1250788},
  publisher = {ACM},
  address   = {New York, NY, USA},
  keywords  = {abstract data type, assembly code verification, garbage collection, proof-carrying code, separation logic},
}
